
@Book{julia,
  Abstract = {},
  Author = {АЛЛА ЛОСЕВА, МИЛА НЕЗДОЙМЫШАПКО},
  Edition = {1-е изд.},
  ISBN = {978-1941222157},
  langid = {russian},
  PageTotal = 524,
  Publisher = {},
  Title = {{Моделирование эпидемий: модель SIR}},
  Year = 2020,
  Language = {russian},
  numpages = {},
  EPrintClass = {},
  EPrintType = {}
}

@Book{pres,
  Abstract = { },
  Address = {},
  Author = {Жумартова Б.О., Ысмагул Р.С.},
  Edition = {},
  langid = {russian},
  Publisher = {},
  Title = {{ПРИМЕНЕНИЕ SIR МОДЕЛИ В МОДЕЛИРОВАНИИ ЭПИДЕМИЙ}},
  Year = 2021,
  Language = {russian},
  numpages = {12},
  EPrintClass = {},
  EPrintType = {}
}
