
@Book{julia,
  Abstract = {},
  Author = {Вольтерра В.},
  Edition = {},
  ISBN = {5-93972-312-8},
  langid = {russian},
  PageTotal = 287,
  Publisher = { М.: Наука},
  Title = {{Математическая теория борьбы за существование}},
  Year = 2010,
  Language = {russian},
  numpages = {},
  EPrintClass = {},
  EPrintType = {}
}

@Book{pres,
  Abstract = { },
  Address = {},
  Author = { П. В. Турчин},
  Edition = {},
  langid = {russian},
  Publisher = {},
  Title = {{Лекция № 14. Популяционная динамика}},
  Year = 1986,
  Language = {russian},
  numpages = {54},
  EPrintClass = {},
  EPrintType = {}
}
