
@Book{julia,
  Abstract = {},
  Author = {Федер Е.},
  Edition = {1-е изд.},
  ISBN = {978-1941222157},
  langid = {russian},
  PageTotal = 524,
  Publisher = {Мир},
  Title = {{Фракталы}},
  Year = 1991,
  Language = {russian},
  numpages = {},
  EPrintClass = {},
  EPrintType = {}
}

@Book{pres,
  Abstract = { },
  Address = {},
  Author = {А. Н.Ширяев },
  Edition = {},
  langid = {russian},
  Publisher = {Математический институт им. В. А. Стеклова РАН},
  Title = {{Случайные блуждания и броуновское движение}},
  Year = 2007,
  Language = {russian},
  numpages = {10-25},
  EPrintClass = {},
  EPrintType = {}
}

@Book{mod,
  Abstract = { },
  Address = {},
  Author = {Witten T. A. Jr., Sander L. M.},
  Edition = {},
  langid = {english},
  Publisher = {Physical Review Letters},
  Title = {{Diffusion-limited aggregation, a kinetic critical phenomenon }},
  Year = 1981,
  Language = {russian},
  numpages = {1400-1500},
  EPrintClass = {},
  EPrintType = {}
}
