
@Book{julia,
  Abstract = {},
  Author = {Кольцов С. Н.},
  Edition = {},
  ISBN = {},
  langid = {russian},
  PageTotal = 124,
  Publisher = {НИУ ВШЭ, Факультет Санкт-Петербургская школа экономики и менеджмента},
  Title = {{Экономико-математические методы и модели в логистике}},
  Year = 2010,
  Language = {russian},
  numpages = {},
  EPrintClass = {},
  EPrintType = {}
}

@Book{pres,
  Abstract = { },
  Address = {},
  Author = {Попов В.Д., Дундер Н.А},
  Edition = {},
  langid = {russian},
  Publisher = {Белорусский государственный университет информатики и радиоэлектроники
г. Минск, Республика Беларусь},
  Title = {{МОДЕЛИРОВАНИЕ РАСПРОСТРАНЕНИЯ РЕКЛАМЫ}},
  Year = 2022,
  Language = {russian},
  numpages = {278},
  EPrintClass = {},
  EPrintType = {}
}
