
@Book{julia,
  Abstract = {},
  Author = {Воропаева О. В.},
  Edition = {},
  ISBN = {},
  langid = {russian},
  PageTotal = 124,
  Publisher = {Новосибирск, ФИЦ ИВТ},
  Title = {{Основы численного анализа динамических систем}},
  Year = 2022,
  Language = {russian},
  numpages = {},
  EPrintClass = {},
  EPrintType = {}
}

@Book{pres,
  Abstract = { },
  Address = {},
  Author = {Б.И. ГЕРАСИМОВ, Н.П. ПУЧКОВ, Д.Н. ПРОТАСОВ },
  Edition = {},
  langid = {russian},
  Publisher = {Издательство ГОУ ВПО ТГТУ},
  Title = {{ДИФФЕРЕНЦИАЛЬНЫЕ ДИНАМИЧЕСКИЕ МОДЕЛИ }},
  Year = 2010,
  Language = {russian},
  numpages = {278},
  EPrintClass = {},
  EPrintType = {}
}
