
@Book{julia,
  Abstract = {},
  Author = {Bruce Tate, Fred Daoud, Jack Moffitt, Ian Dees},
  Edition = {1-е изд.},
  ISBN = {978-1941222157},
  langid = {english},
  PageTotal = 320,
  Publisher = {The Pragmatic Bookshelf},
  Title = {{Julia // Seven More Languages in Seven Weeks. Languages That Are Shaping the Future}},
  Year = 2015,
  Language = {russian},
  numpages = {117-207},
  EPrintClass = {},
  EPrintType = {}
}

@Book{pres,
  Abstract = { },
  Address = {СПб.},
  Author = {Samatov Bakhrom},
  Edition = {4-е изд.},
  langid = {russian},
  PageTotal = 1120,
  Publisher = {Издательство “Наманган},
  Title = {{Задача преследования-убегания при разнотипных ограничениях}},
  Year = 2020,
  Language = {russian},
  numpages = {200-250},
  EPrintClass = {},
  EPrintType = {}
}
