
@Book{julia,
  Abstract = {},
  Author = {Вентцель Е. С., Лихтерев Я. М., Мильграм Ю. Г., Худяков И. В.},
  Edition = {1-е изд.},
  ISBN = {978-1941222157},
  langid = {russian},
  PageTotal = 524,
  Publisher = {The Pragmatic Bookshelf},
  Title = {{Основы теории боевой эффективности и исследования операций}},
  Year = 1961,
  Language = {russian},
  numpages = {},
  EPrintClass = {},
  EPrintType = {}
}

@Book{pres,
  Abstract = { },
  Address = {},
  Author = {Helmbold, R. L. },
  Edition = {},
  langid = {russian},
  Publisher = {},
  Title = {{Osipov: The ‘Russian Lanchester’. European Journal of Operations Research}},
  Year = 1993,
  Language = {russian},
  numpages = {278-288},
  EPrintClass = {},
  EPrintType = {}
}
