
@Book{robachevsky:unix,
  Abstract = {},
  Author = {Чакон С., Штрауб Б.},
  Edition = {2-е изд.},
  ISBN = {978-5-94157-538-1},
  langid = {russian},
  PageTotal = 656,
  Publisher = {БХВ-Петербург},
  Title = {{Git для профессионального программиста}},
  Year = 2010,
  PageTotal = 656,
  Language = {russian},
  numpages = {656},
  EPrintClass = {},
  EPrintType = {}
}

@Book{tannenbaum:modern-os:ru,
  Abstract = { },
  Address = {СПб.},
  Author = {Павел Радьков},
  Edition = {4-е изд.},
  langid = {russian},
  PageTotal = 1120,
  Publisher = {Питер},
  Series = {Классика Computer Science},
  Title = {{Краткое руководство по Маркдауну}},
  Year = 2016,
  PageTotal = 110,
  Language = {russian},
  numpages = {1120},
  EPrintClass = {},
  EPrintType = {}
}
