
@Book{cl,
  Abstract = {},
  Author = {Andrew Ng },
  Edition = {},
  ISBN = {},
  langid = {english},
  PageTotal = 324,
  Publisher = {},
  Title = {{Stanford CS229 Lecture Notes}},
  Year = 2010,
  Language = {english},
  numpages = {},
  EPrintClass = {},
  EPrintType = {}
}

@Book{re,
  Abstract = { },
  Address = {},
  Author = {Е.З. Демиденко},
  Edition = {},
  langid = {russian},
  Publisher = {М.: Финансы и статистика},
  Title = {{Линейная и нелинейная регрессия}},
  Year = 1981,
  Language = {russian},
  numpages = {302},
  EPrintClass = {},
  EPrintType = {}
}

@Book{vor,
  Abstract = { },
  Address = {},
  Author = {К. В. Воронцов},
  Edition = {},
  langid = {russian},
  Publisher = {ВЦ им. А.А. Дородницына РАН ФИЦ «Информатика и управление»},
  Title = {{Математические методы обучения по прецедентам}},
  Year = 2004,
  Language = {russian},
  numpages = {302},
  EPrintClass = {},
  EPrintType = {}
}

@Book{ob,
  Abstract = { },
  Address = {},
  Author = {М. Ю. Винниченко},
  Edition = {},
  langid = {russian},
  Publisher = {НИУ ВШЭ},
  Title = {{ПРАКТИЧЕСКАЯ РЕАЛИЗАЦИЯ ЯДЕРНЫХ МОДЕЛЕЙ ГЛУБОКОГО ОБУЧЕНИЯ}},
  Year = 2021,
  Language = {russian},
  numpages = {38},
  EPrintClass = {},
  EPrintType = {}
}
