@Book{rr,
  Author = {Дональд Э. Кнут},
  ISBN = {978-14881941591},
  PageTotal = 832,
  Publisher = { М.: Вильямс},
  Title = {{Глава 3. Случайные числа // Искусство программирования}},
  Year = 2000,
  Language = {russian},
  EPrintClass = {},
  EPrintType = {}
}

@Book{mod,
  Address = {СПб.},
  Author = {Д. А. Медведев, А. Л. Куперштох, Э. Р. Прууэл,
Н. П. Сатонкина, Д. И. Карпов},
  langid = {russian},
  PageTotal = 101,
  Publisher = {Новосибирск: Новосиб. гос. ун-т.,},
  Title = {{Моделирование физических процессов и явлений на ПК: Учеб. пособие}},
  Year = 2010,
  Language = {russian},
  EPrintClass = {},
  EPrintType = {}
}

@Book{ww,
  Author = {Балханов В.К. },
  ISBN = 9781884396879,
  langid = {russian},
  PageTotal = 224,
  Publisher = {Улан-Удэ: ИЗДАТЕЛЬСТВО БГУ},
  Title = {{Основы фрактальной геометрии и фрактального исчисления}},
  Year = 2013,
  Language = {russian},
  EPrintClass = {},
  EPrintType = {}
}

@Book{qq,
  Author = {А. Н.Ширяев},
  langid = {russian},
  Publisher = {Математический институт им. В. А. Стеклова РАН,
МГУ им. М. В. Ломоносова},
  Title = {{СЛУЧАЙНЫЕ БЛУЖДАНИЯ
и
БРОУНОВСКОЕ ДВИЖЕНИЕ}},
  Year = 2003,
  PageTotal = 103,
  Language = {russian},
  EPrintClass = {},
  EPrintType = {}
}


@Book{julia,
  Abstract = {},
  Author = {Г. В. Белов},
  Edition = {},
  ISBN = {},
  langid = {russian},
  PageTotal = 115,
  Publisher = {Мир},
  Title = {{Краткое описание языка программирования Julia}},
  Year = 2020,
  Language = {russian},
  numpages = {},
  EPrintClass = {},
  EPrintType = {}
}